@book{mcmahon2007quantum,
  title={Quantum computing explained},
  author={McMahon, David},
  year={2007},
  publisher={John Wiley \& Sons}
}
@book{brylinski2002mathematics,
  title={Mathematics of quantum computation},
  author={Brylinski, Ranee K and Chen, Goong},
  year={2002},
  publisher={CRC Press}
}
@book{nielsen2010quantum,
  title={Quantum Computation and Quantum Information},
  author={Nielsen, Michael A and Chuang, Isaac L},
  year={2010},
  publisher={Cambridge University Press}
}
@book{fano2017twenty,
  title={Twenty-First Century Quantum Mechanics: Hilbert Space to Quantum Computers},
  author={Fano, Guido and Blinder, SM},
  year={2017},
  publisher={Springer}
}
@book{berman1998introduction,
  title={Introduction to quantum computers},
  author={Berman, Gennady P},
  year={1998},
  publisher={World Scientific}
}
@book{bernhardt2019quantum,
  title={Quantum computing for everyone},
  author={Bernhardt, Chris},
  year={2019},
  publisher={Mit Press}
}
@article{ross2020computer,
author = {Ross, Robert},
year = {2020},
month = {06},
pages = {483-489},
title = {Computer simulation of Mermin's quantum device},
volume = {88},
journal = {American Journal of Physics},
doi = {10.1119/10.0000833}
}
@article{candela2015undergraduate,
author = {Candela, D.},
year = {2015},
month = {08},
pages = {688-702},
title = {Undergraduate computational physics projects on quantum computing},
volume = {83},
journal = {American Journal of Physics},
doi = {10.1119/1.4922296}
}
@article{riedinger2018remote,
author = {Riedinger, Ralf and Wallucks, Andreas and Marinkovic, Igor and L\"oschnauer, Clemens and Aspelmeyer, Markus and Hong, Sungkun and Gr\"oblacher, Simon},
year = {2018},
month = {04},
pages = {},
title = {Remote quantum entanglement between two micromechanical oscillators},
volume = {556},
journal = {Nature},
doi = {10.1038/s41586-018-0036-z}
}
@article{schroeder2017entanglement,
author = {Schroeder, Daniel},
year = {2017},
month = {03},
  pages={812--820},
title = {Entanglement isn't just for spin},
volume = {85},
journal = {American Journal of Physics},
doi = {10.1119/1.5003808}
}
@article{mermin1981bringing,
  title={Bringing home the atomic world: Quantum mysteries for anybody},
  author={Mermin, N David},
  journal={American Journal of Physics},
  volume={49},
  number={10},
  pages={940--943},
  year={1981},
  publisher={American Association of Physics Teachers}
}

@article{mermin1985moon,
  title={Is the moon there when nobody looks? Reality and the quantum theory},
  author={Mermin, N David},
  journal={Physics today},
  volume={38},
  number={4},
  pages={38--47},
  year={1985}
}

@article{strauch2016resource,
  title={Resource letter QI-1: Quantum information},
  author={Strauch, Frederick W},
  journal={American Journal of Physics},
  volume={84},
  number={7},
  pages={495--507},
  year={2016},
  publisher={American Association of Physics Teachers}
}
@misc{feynman1983quantum, 
  title={Quantum Mechanical View of Reality - Richard Feynman}, 
  url={https://www.youtube.com/playlist?list=PLW_HsOU6YZRkdhFFznHNEfua9NK3deBQy},
  journal={YouTube}, publisher={YouTube},
  author={Feynman, Richard}}
  
@online{infinite2017,
 author = {InfiniteSeries},
 title = {The Mathematics of Quantum Computers},
 year = {2017},
 url = {https://youtu.be/IrbJYsep45E},
 }
@article{wolf2017potential,
  title={The potential impact of quantum computers on society},
  author={De Wolf, Ronald},
  journal={Ethics and Information Technology},
  volume={19},
  number={4},
  pages={271--276},
  year={2017},
  publisher={Springer}
  }  
@online{quantumcountry,
  author = {Matuschak, Andy and Nielsen, Michael},
  title = {Quantum Country},
  year = {2019},
  url = {https://quantum.country/},
  }
@online{pinksedemcon,
author = {Pinkse, Pepijn},
title = {Demcon},
year = {2020},
url = {https://nymus3d.nl/portfolio/project/quantum-secure-authentication},
}
@periodical{ntnv2014quanntum,
editor = {NNV},
title = {Ned. tijdschrijft voor Natuurkunde},
year = {2014},
}
@book{ifrah2000universal,
  title={The universal history of computing: From the abacus to quantum computing},
  author={Ifrah, Georges and Harding, Edward Frank and Bellos, David and Wood, Sophie and others},
  year={2000},
  publisher={John Wiley \& Sons, Inc.}
}
@book{feynman2018feynman,
  title={Feynman lectures on computation},
  author={Feynman, Richard P},
  year={2018},
  publisher={CRC Press}
}
@article{feynman1982simulating,
  title={Simulating physics with computers},
  author={Feynman, Richard P},
  journal={Int. J. Theor. Phys},
  volume={21},
  number={6/7},
  year={1982}
}
@article{whitaker2016richard,
  title={Richard Feynman and Bell's theorem},
  author={Whitaker, Andrew},
  journal={American Journal of Physics},
  volume={84},
  number={7},
  pages={493--494},
  year={2016},
  publisher={American Association of Physics Teachers}
}
@article{vankampen2008scandal,
  title={The scandal of quantum mechanics},
  author={Van Kampen, NG},
  journal={American Journal of Physics},
  volume={76},
  number={11},
  pages={989--990},
  year={2008},
  publisher={American Association of Physics Teachers}
}
@online{CYBERSECURITY2020crypto,
author = {TNO},
title = {CYBERSECURITY DOOR QUANTUM-SAFE CRYPTO},
year = {2020},
url = {https://www.tno.nl/nl/aandachtsgebieden/informatie-communicatie-technologie/roadmaps/trusted-ict/quantum/quantum-safe-crypto/?gclid=Cj0KCQjwvIT5BRCqARIsAAwwD-QCxS_6_09DaN96J37--nGWNun4oJgFZx_4VA69hP8DyJAygluNJakaAqsJEALw_wcB},
}
@book{hidary2019quantum,
  title={Quantum Computing: An Applied Approach},
  author={Hidary, Jack D},
  year={2019},
  publisher={Springer}
}
@online{wavefunction2019exactly,
author = {Brilliant},
title = {What is The Quantum Wave Function, Exactly?},
year = {2019},
url = {https://www.youtube.com/watch?v=EmNQuK-E0kI},
OPTorganization = {brilliant},
OPTurldate = {20080812},
}
@online{interpretationsQMtable,
author = {wikipedia},
title = {Interpretations of quantum mechanics},
year = {2020},
url = {https://en.wikipedia.org/wiki/Interpretations_of_quantum_mechanics},
OPTurldate = {20080812},
}

@article{kandala2017hardware,
  title={Hardware-efficient variational quantum eigensolver for small molecules and quantum magnets},
  author={Kandala, Abhinav and Mezzacapo, Antonio and Temme, Kristan and Takita, Maika and Brink, Markus and Chow, Jerry M and Gambetta, Jay M},
  journal={Nature},
  volume={549},
  number={7671},
  pages={242--246},
  year={2017},
  publisher={Nature Publishing Group}
}
@online{DrPhysicsA2020quantum,
author = {DrPhysicsA},
title = {Quantum physics playlist},
year = {2020},
url = {https://www.youtube.com/watch?v=IsX5iUKNT2k&list=PL04722FAFB07E38E1},
OPTurldate = {20200821},
}
@article{kornmeier2012ambiguous,
  title={Ambiguous figures--what happens in the brain when perception changes but not the stimulus},
  author={Kornmeier, J\"urgen and Bach, Michael},
  journal={Frontiers in human neuroscience},
  volume={6},
  pages={51},
  year={2012},
  publisher={Frontiers}
}
@article{KORNMEIER2005955,
  title = {The Necker cube - an ambiguous figure disambiguated in early visual processing},
  journal = {Vision Research},
  volume = {45},
  number = {8},
  pages = {955 - 960},
  year = {2005},
  issn = {0042-6989},
  doi = {https://doi.org/10.1016/j.visres.2004.10.006},
  url = {http://www.sciencedirect.com/science/article/pii/S0042698904005152},
  author = {J\"urgen Kornmeier and Michael Bach},
  keywords = {Perceptual ambiguity, Ambiguous figures, Necker cube, EEG, ERP, Event related potentials},
  abstract = {How can our percept spontaneously change while the observed object stays unchanged? This happens with ambiguous figures, like the Necker cube. Explanations favor either bottom-up factors in early visual processing, or top-down factors near awareness. The EEG has a high temporal resolution, so event related potentials (ERPs) may help to throw light on these alternative explanations. However, the precise point in time of neural correlates of perceptual reversal is difficult to estimate. We developed a paradigm that overcomes this problem and found an early (120ms) occipital ERP signal correlated with endogenous perceptual reversal. Parallels of ambiguous-figure-reversal to binocular-rivalry-reversals are explored.}
}
@article{divincenzo2000physical,
  title={The physical implementation of quantum computation},
  author={DiVincenzo, David P},
  journal={Fortschritte der Physik: Progress of Physics},
  volume={48},
  number={9-11},
  pages={771--783},
  year={2000},
  publisher={Wiley Online Library}
% Also LANL e-print quant-ph/0002077, available online at http://xxx.lanl.gov/.
}
@article{rieffel2000introduction,
  title={An introduction to quantum computing for non-physicists},
  author={Rieffel, Eleanor and Polak, Wolfgang},
  journal={ACM Computing Surveys (CSUR)},
  volume={32},
  number={3},
  pages={300--335},
  year={2000},
  publisher={ACM New York, NY, USA}
}
@article{einstein1905photoelectric,
  title={The photoelectric effect},
  author={Einstein, Albert},
  journal={Ann. Phys},
  volume={17},
  number={132},
  pages={4},
  year={1905}
}
@article{Planck1901Uber,
  author = {Planck, Max},
  title = {Ueber das Gesetz der Energieverteilung im Normalspectrum},
  journal = {Annalen der Physik},
  volume = {309},
  number = {3},
  pages = {553-563},
  doi = {10.1002/andp.19013090310},
  url = {https://onlinelibrary.wiley.com/doi/abs/10.1002/andp.19013090310},
  eprint = {https://onlinelibrary.wiley.com/doi/pdf/10.1002/andp.19013090310},
  year = {1901}
}
@article{Einstein1095licht,
  author = {Einstein, A.},
  title = {\"Uber einen die Erzeugung und Verwandlung des Lichtes betreffenden heuristischen Gesichtspunkt},
  journal = {Annalen der Physik},
  volume = {322},
  number = {6},
  pages = {132-148},
  doi = {10.1002/andp.19053220607},
  url = {https://onlinelibrary.wiley.com/doi/abs/10.1002/andp.19053220607},
  eprint = {https://onlinelibrary.wiley.com/doi/pdf/10.1002/andp.19053220607},
  year = {1905}
}
@article{GUO2008318,
  title = {A survey of quantum games},
  journal = {Decision Support Systems},
  volume = {46},
  number = {1},
  pages = {318 - 332},
  year = {2008},
  issn = {0167-9236},
  doi = {https://doi.org/10.1016/j.dss.2008.07.001},
  url = {http://www.sciencedirect.com/science/article/pii/S0167923608001292},
  author = {Hong Guo and Juheng Zhang and Gary J. Koehler},
  keywords = {Quantum computing, Game theory, Nash equilibria},
  abstract = {This paper presents an overview and survey of a new type of game-theoretic setting based on ideas emanating from quantum computing. (We provide a brief overview of quantum computing at the beginning of the paper.) Initial results suggest this view brings more flexibility and possibilities into decisions involving game-theoretic considerations. Applications cover a broad spectrum of classical games as well as games in economics, finance and other areas.}
}
@online{quantumtumlab2020erlangen,
  author={Jan-Peter Meyn},
  title={quantumlab},
  url={https://www.quantumlab.nat.fau.de/english/index.html},
}
@online{hong2020mandel,
  url = {https://en.wikipedia.org/wiki/Hong%E2%80%93Ou%E2%80%93Mandel_effect}
}
@article{BENNETT20147,
  title = {Quantum cryptography: Public key distribution and coin tossing},
  journal = {Theoretical Computer Science},
  volume = {560},
  pages = {7 - 11},
  year = {2014},
  note = {Theoretical Aspects of Quantum Cryptography - celebrating 30 years of BB84},
  issn = {0304-3975},
  doi = {https://doi.org/10.1016/j.tcs.2014.05.025},
  url = {http://www.sciencedirect.com/science/article/pii/S0304397514004241},
  author = {Charles H. Bennett and Gilles Brassard}
}
@article{wootters1982single,
  title={A single quantum cannot be cloned},
  author={Wootters, William K and Zurek, Wojciech H},
  journal={Nature},
  volume={299},
  number={5886},
  pages={802--803},
  year={1982},
  publisher={Springer}
}
@inproceedings{crypto-1981-917,
  title={Coin Flipping by Telephone},
  booktitle={Advances in Cryptology: A Report on CRYPTO 81},
  pages={11-15},
  url={/archive/crypto81/11_blum.pdf},
  author={Manuel Blum},
  year=1981
}
@article{ekert1991quant,
  title = {Quantum cryptography based on Bell's theorem},
  author = {Ekert, Artur K.},
  journal = {Phys. Rev. Lett.},
  volume = {67},
  issue = {6},
  pages = {661--663},
  numpages = {0},
  year = {1991},
  month = {8},
  publisher = {American Physical Society},
  doi = {10.1103/PhysRevLett.67.661},
  url = {https://link.aps.org/doi/10.1103/PhysRevLett.67.661}
}
@misc{JohnWest2000whatisa,
  title = {What is Quantum Computer},
  autor = {John West}
 }
@online{youtube,
        title = {Quantum Computing and the Entanglement Frontier},
        date = {2013},
        organization = {Youtube},
        author = {John Preskill},
        url ={\https://www.youtube.com/watch?feature=player_embedded&v=8-IqQnGYB2M&ab_channel=GoogleTechTalks}
}
@online{Scott2002Aaronson,
  title={Quantum Computing for High School Students},
  date=2002,  
  autor={Scott Aaronson}, 
  url={https://www.scottaaronson.com/writings/highschool.html}
}
@misc{moore1965cramming,
  title={Cramming more components onto integrated circuits},
  author={Moore, Gordon E and others},
  year={1965},
  journal={Electronics}, 
  Volume={ 38}, 
  Number = {8}, 
  url={https://www.alejandrobarros.com/wp-content/uploads/old/Articulo_original_G_Moore.pdf}
}
@misc{BNR2020Annemarije,
}
@article{bourzac2017IEEE,
author = {Bourzac, Katherine},
year = {2017},
month = {11},
pages = {7-9},
title = {4 tough chemistry problems that quantum computers will solve [News]},
volume = {54},
journal = {IEEE Spectrum},
doi = {10.1109/MSPEC.2017.8093785}
}
@article {Wehnereaam9288,
	author = {Wehner, Stephanie and Elkouss, David and Hanson, Ronald},
	title = {Quantum internet: A vision for the road ahead},
	volume = {362},
	number = {6412},
	elocation-id = {eaam9288},
	year = {2018},
	doi = {10.1126/science.aam9288},
	publisher = {American Association for the Advancement of Science},
	issn = {0036-8075},
	URL = {https://science.sciencemag.org/content/362/6412/eaam9288},
	eprint = {https://science.sciencemag.org/content/362/6412/eaam9288.full.pdf},
	journal = {Science}
}
@article{monteiro2017polarization,
  title={The polarization of light and Malus' law using smartphones},
  author={Monteiro, Mart\'in and Stari, Cecilia and Cabeza, Cecilia and Mart\'i, Arturo C},
  journal={The Physics Teacher},
  volume={55},
  number={5},
  pages={264--266},
  year={2017},
  publisher={American Association of Physics Teachers}
}
@online{qdnl2021,
  url =  {https://quantumdelta.nl/}
}
@online{usgov2020,
  title={Quantum Frontiers, Report on community input to the nation's
strategy for quantum information science},
  url = {https://www.quantum.gov/wp-content/uploads/2020/10/QuantumFrontiers.pdf},
  year={2020},
  month={10}
}
@online{eqf2017,
  url = {https://qt.eu/}
}
@book{math2015laforest,
title= {The Mathematics Of Quantum Mechanics},
author = {Martin Laforest},
url={https://uwaterloo.ca/institute-for-quantum-computing/sites/ca.institute-for-quantum-computing/files/uploads/files/mathematics_qm_v21.pdf}
}
@online{hensen2017,
  title={Playing the quantum ballgame},
  author = {J. Hensen},
  year={2017},
  url={http://blog2.qutech.nl/2017/02/23/playing-the-quantum-ballgame/}
}
@article{PhysRevLett.23.880,
  title = {Proposed Experiment to Test Local Hidden-Variable Theories},
  author = {Clauser, John F. and Horne, Michael A. and Shimony, Abner and Holt, Richard A.},
  journal = {Phys. Rev. Lett.},
  volume = {23},
  issue = {15},
  pages = {880--884},
  numpages = {0},
  year = {1969},
  month = {10},
  publisher = {American Physical Society},
  doi = {10.1103/PhysRevLett.23.880},
  url = {https://link.aps.org/doi/10.1103/PhysRevLett.23.880}
%open access
}
@article{ortigoso2018twelve,
  title={Twelve years before the quantum no-cloning theorem},
  author={Ortigoso, Juan},
  journal={American Journal of Physics},
  volume={86},
  number={3},
  pages={201--205},
  year={2018},
  publisher={American Association of Physics Teachers}
%open access
}
@article{Aaronson_2009,
   title={Quantum Copy-Protection and Quantum Money},
   ISBN={9780769537177},
   url={http://dx.doi.org/10.1109/CCC.2009.42},
   DOI={10.1109/ccc.2009.42},
   journal={2009 24th Annual IEEE Conference on Computational Complexity},
   publisher={IEEE},
   author={Aaronson, Scott},
   year={2009},
   month={7}
%open access
}
@online{Fahri2013,
  title={Quantum cloning, quantum money and quantum monogamy},
  author = {Farhi, E. and Harrow, A.},
  journal={Physics\@MIT},
  pages={58-66},
  year={2013},
  url={http://physics.mit.edu/OldFiles/news/physicsatmit/physicsatmit_13_farhiharrow.pdf}
%open access
}
@book{benentiV1,
   title =     {Principles of Quantum Computation and Information Vol. 1: Basic Concepts},
   author =    {Giuliano Benenti},
   publisher = {},
   isbn =      {9789812794796},
   year =      {2004},
   series =    {},
   edition =   {},
   volume =    {},
%   url =       {http://gen.lib.rus.ec/book/index.php?md5=0BA43BB36F916400E319BF6D5B8A9D29}
%dit is nou eens een goed boek helemaal in de geest van onze module, achtergrond over turing, energie van een bit ... er is ook een deel 2
}
@book{benentiV2,
   title =     {Principles of quantum computation and information. Vol. 2: Basic tools and special topics},
   author =    {Giuliano Benenti},
   publisher = {World Scientific Publishing Company},
%   isbn =      {981-256-345-8,978-981-256-345-3,978-981-256-528-0,981-256-528-0},
   year =      {2007},
   series =    {},
   edition =   {},
   volume =    {},
%   url =       {http://gen.lib.rus.ec/book/index.php?md5=E82C071CDE8D60DAADB4C739B8375ADB}
   }
@article{pereira2009use,
  title={On the use of a virtual Mach--Zehnder interferometer in the teaching of quantum mechanics},
  author={Pereira, Alexsandro and Ostermann, Fernanda and Cavalcanti, Cl{\'a}udio},
  journal={Physics Education},
  volume={44},
  number={3},
  pages={281},
  year={2009},
  publisher={IOP Publishing}
  %goed artikel met goede referenties
}
@article{planinsic2005mechanical,
  title={Mechanical model aids understanding of light interference},
  author={Planinsic, Gorazd and Slisko, Josip},
  journal={Physics education},
  volume={40},
  number={2},
  pages={128},
  year={2005},
  publisher={IOP Publishing}
%alternatief voor rowili
}
@article{zetie2000does,
  title={How does a Mach-Zehnder interferometer work?},
  author={Zetie, KP and Adams, SF and Tocknell, RM},
  journal={Physics Education},
  volume={35},
  number={1},
  pages={46},
  year={2000},
  publisher={IOP Publishing}
%fasesprong uitgelegd
}
@book{scarani2006quantum,
  title={Quantum physics: a first encounter: interference, entanglement, and reality},
  author={Scarani, Valerio and others},
  year={2006},
  publisher={Oxford University Press}
%nice intro level book on MZI, and its implications like Bell, besteld jan 2020
}
@article{Degiorgio1980phase,
author = {Degiorgio,Vittorio },
title = {Phase shift between the transmitted and the reflected optical fields of a semireflecting lossless mirror is $\pi/2$},
journal = {American Journal of Physics},
volume = {48},
number = {1},
pages = {81-81},
year = {1980},
doi = {10.1119/1.12238},
URL = {https://doi.org/10.1119/1.12238},
eprint = {https://doi.org/10.1119/1.12238}
%phase shift MZI mini artikeltje
}
@online{Deutsch,
  url={https://www.hpl.hp.com/breweb/quiprocone/Protected/DD_lectures.htm}
%series of 6 lectures (6x 60 min) bijgaand pdf met vragen. 
}
@online{CERN2020,
url={https://indico.cern.ch/event/970903/}
%7 lectures van ieder 2 uur, langzaam, maar wel compleet. Bekijk de slides compleet in de laatste aflevering
}
@article{muller2002teaching,
  title={Teaching quantum mechanics on an introductory level},
  author={M{\"u}ller, Rainer and Wiesner, Hartmut},
  journal={American Journal of physics},
  volume={70},
  number={3},
  pages={200--209},
  year={2002},
  publisher={American Association of Physics Teachers}
%vooral ook voor quantum wereld experimenten
}
@book{ghirardi2007sneaking,
  title={Sneaking a Look at God's Cards: Unraveling the Mysteries of Quantum Mechanics-Revised Edition},
  author={Ghirardi, GianCarlo},
  year={2007},
  publisher={Princeton University Press},
   isbn =      {978-0-691-13037-8},
   year =      {2007},
   series =    {},
   edition =   {Revised Edition},
   volume =    {}
%geroemd om de uitleg van polarisatie in quantum ref scarani endnote 11)
}
@misc{ghirardi2005sneaking,
  title={Sneaking A Look At God's Cards: Unraveling The Mysteries of Quantum Mechanics (translation).},
  author={Ghirardi, Giancarlo},
  year={2005},
  publisher={American Association of Physics Teachers}
%review of book
}
@article{kwiat1996quantum,
  title={Quantum seeing in the dark},
  author={Kwiat, Paul and Weinfurter, Harald and Zeilinger, Anton},
  journal={Scientific American},
  volume={275},
  number={5},
  pages={72--78},
  year={1996},
  publisher={JSTOR}
%ref van scarani noot 14
}
@article{RevModPhys.76.1267,
  title = {Decoherence, the measurement problem, and interpretations of quantum mechanics},
  author = {Schlosshauer, Maximilian},
  journal = {Rev. Mod. Phys.},
  volume = {76},
  issue = {4},
  pages = {1267--1305},
  numpages = {0},
  year = {2005},
  month = {2},
  publisher = {American Physical Society},
  doi = {10.1103/RevModPhys.76.1267},
  url = {https://link.aps.org/doi/10.1103/RevModPhys.76.1267}
%ref scarani, endnote 26 open access via archive
}
@article{rossi1930method,
  title={Method of Registering Multiple Simultaneous Impulses of Several Geiger's Counters},
  author={Rossi, Bruno},
  journal={Nature},
  volume={125},
  number={3156},
  pages={636--636},
  year={1930},
  publisher={Nature Publishing Group}
%eerste and poort, opensource
}
@article{Georgescu2014,
   title={Quantum simulation},
   volume={86},
   ISSN={1539-0756},
   url={http://dx.doi.org/10.1103/RevModPhys.86.153},
   DOI={10.1103/revmodphys.86.153},
   number={1},
   journal={Reviews of Modern Physics},
   publisher={American Physical Society (APS)},
   author={Georgescu, I. M. and Ashhab, S. and Nori, Franco},
   year={2014},
   month={3},
   pages={153-185}
%open source
}
@article {Lau570,
	author = {Lau, Hoi-Kwan and Clerk, Aashish A.},
	title = {Macroscale entanglement and measurement},
	volume = {372},
	number = {6542},
	pages = {570--571},
	year = {2021},
	doi = {10.1126/science.abh3419},
	publisher = {American Association for the Advancement of Science},
	issn = {0036-8075},
	URL = {https://science.sciencemag.org/content/372/6542/570},
	eprint = {https://science.sciencemag.org/content/372/6542/570.full.pdf},
	journal = {Science},
    annotate = {open source trommeltjes}
}
@article {MercierdeLepinay625,
	author = {Mercier de L\'epinay, Laure and Ockeloen-Korppi, Caspar F. and Woolley, Matthew J. and Sillanp{\"a}{\"a}, Mika A.},
	title = {Quantum mechanics{\textendash}free subsystem with mechanical oscillators},
	volume = {372},
	number = {6542},
	pages = {625--629},
	year = {2021},
	doi = {10.1126/science.abf5389},
	publisher = {American Association for the Advancement of Science},
	abstract = {Quantum entanglement occurs when two separate entities become strongly linked in a way that cannot be explained by classical physics; it is a powerful resource in quantum communication protocols and advanced technologies that aim to exploit the enhanced capabilities of quantum systems. To date, entanglement has generally been limited to microscopic quantum units such as pairs or multiples of single ions, atoms, photons, and so on. Kotler et al. and Mercier de L{\'e}pinay et al. demonstrate the ability to extend quantum entanglement to massive macroscopic systems (see the Perspective by Lau and Clerk). Entanglement of two mechanical oscillators on such a large length and mass scale is expected to find widespread use in both applications and fundamental physics to probe the boundary between the classical and quantum worlds.Science, this issue p. 622, p. 625; see also p. 570Quantum mechanics sets a limit for the precision of continuous measurement of the position of an oscillator. We show how it is possible to measure an oscillator without quantum back-action of the measurement by constructing one effective oscillator from two physical oscillators. We realize such a quantum mechanics{\textendash}free subsystem using two micromechanical oscillators, and show the measurements of two collective quadratures while evading the quantum back-action by 8 decibels on both of them, obtaining a total noise within a factor of 2 of the full quantum limit. This facilitates the detection of weak forces and the generation and measurement of nonclassical motional states of the oscillators. Moreover, we directly verify the quantum entanglement of the two oscillators by measuring the Duan quantity 1.4 decibels below the separability bound.},
	issn = {0036-8075},
	URL = {https://science.sciencemag.org/content/372/6542/625},
	eprint = {https://science.sciencemag.org/content/372/6542/625.full.pdf},
	journal = {Science}
}
@book{mann2018wizard,
  title={The wizard and the prophet: Two groundbreaking scientists and their conflicting visions of the future of our planet},
  author={Mann, Charles C},
  year={2018},
  publisher={Picador}
}
@online{Broeck2017,
 author = {Luc van den Broeck},
 title = {Handleiding voor RSA krakers},
 year = {2017},
 url = {https://docplayer.nl/56851512-Handleiding-voor-rsa-krakers.html}
%open access recentere versie in bezit RSA-codes handleiding.pdf
}
@online{Veenstra2018,
 author = {Sanne Veenstra},
 title = {De impact van het kwantumalgoritme van Shor op het RSA-algoritme zoals
voorgeschreven door NIST},
 year = {2018},
 url = {https://www.math.ru.nl/~bosma/Students/SanneVeenstraBSc.pdf}
%open access
}
@online{Tess2020,
 author = {Tess},
 title = {De invloed van de kwantumcomputer op het RSA-systeem},
 year = {20120},
 url = {https://www.scholieren.com/vak/wiskunde-b?query=&order-by=popularity&order-direction=desc&page=5&filters=%7B%7D}
%open access
}
@online{ibm2020,
  author = {abe afshaw},
  title = {Introduction to Quantum Computing and Quantum Hardware},
  year = {2020},
  url = {https://qiskit.org/learn/intro-qc-qh/}
}
@article{Einstein1935,
  title = {Can Quantum-Mechanical Description of Physical Reality Be Considered Complete?},
  author = {Einstein, A. and Podolsky, B. and Rosen, N.},
  journal = {Phys. Rev.},
  volume = {47},
  issue = {10},
  pages = {777--780},
  numpages = {0},
  year = {1935},
  month = {5},
  publisher = {American Physical Society},
  doi = {10.1103/PhysRev.47.777},
  url = {https://link.aps.org/doi/10.1103/PhysRev.47.777}
}
@online{agenda2019,
  url = {https://www.rijksoverheid.nl/binaries/rijksoverheid/documenten/brochures/2020/02/17/nationale-agenda-quantumtechnologie/Nationale+Agenda+Quantumtechnologie.pdf}
}
@online{Jordan2021,
  url = {https://quantumalgorithmzoo.org/},
  author = {Stephen Jordan},
  year = {2021}
% een online lijst met quantumalgoritmen
}
@online{timeline2021,
url = {https://en.wikipedia.org/wiki/Timeline_of_quantum_computing_and_communication}
%wikipedia
}
@online{Aaronson2007,
  author = {Scott Aaronson},
  url = {https://www.scottaaronson.com/blog/?p=208}
%blog
}
@online{Wolf2021,
  author = {Ronald de Wolf},
  title = {Quantum Computing: Lecture Notes},
  url = {https://homepages.cwi.nl/~rdewolf/qcnotes.pdf}
}
@article{garcia2011equivalent,
  title={Equivalent quantum circuits},
  author={Garcia-Escartin, Juan Carlos and Chamorro-Posada, Pedro},
  journal={arXiv preprint arXiv:1110.2998},
  year={2011}
%leuk voor opgaven 
}
@misc{dewolf2017potential,
      title={The Potential Impact of Quantum Computers on Society}, 
      author={Ronald de Wolf},
      year={2017},
      url = {https://arxiv.org/pdf/1712.05380.pdf},
      eprint={1712.05380},
      archivePrefix={arXiv},
      primaryClass={cs.CY}
}
@online{hewler2021,
url = {https://ahelwer.ca/post/2018-12-07-chsh/}
%CHSH uitleg van de microsoft man met de eenheidcirkels. visited july 2021
}
@misc{DeTechnoloog2021,
 author = {christian Schaffner op bezoek bij BNR}
}
@misc{DeTechnoloog2020,
  author = {Annemarije Zwerver op bezoek bij de Technoloog}
}
@article{Elkouss2017,
 author ={p195	Key distribution and the CHSH gameDavid Elkouss}
%4 pagina's CHSH
}
@article{hensen2015loophole,
  title={Loophole-free Bell inequality violation using electron spins separated by 1.3 kilometres},
  author={Hensen, Bas and Bernien, Hannes and Dr{\'e}au, Ana{\"\i}s E and Reiserer, Andreas and Kalb, Norbert and Blok, Machiel S and Ruitenberg, Just and Vermeulen, Raymond FL and Schouten, Raymond N and Abell{\'a}n, Carlos and others},
  journal={Nature},
  volume={526},
  number={7575},
  pages={682--686},
  year={2015},
  publisher={Nature Publishing Group}
}
@article{PhysRevA.65.033818,
  title = {Double-slit quantum eraser},
  author = {Walborn, S. P. and Terra Cunha, M. O. and P\'adua, S. and Monken, C. H.},
  journal = {Phys. Rev. A},
  volume = {65},
  issue = {3},
  pages = {033818},
  numpages = {6},
  year = {2002},
  month = {02},
  publisher = {American Physical Society},
  doi = {10.1103/PhysRevA.65.033818},
  url = {https://link.aps.org/doi/10.1103/PhysRevA.65.033818}
%open access quarter wave plates ket notatie
}
@misc{2020DoubleSlit,
	publisher={College of Saint Benedict/Saint John's University},
	title={{Double‐Slit Experiment with Polarized Light}},
	url={https://chem.libretexts.org/@go/page/144006},
	note={[Online; accessed 2021-07-24]},
	date={2020-08-15}
%open access quarter wave plates ket notatie
}

@misc{runiaopencurve,
url={https://opencurve.info/nl/kwantumverstrengeling-non-lokaliteit-en-de-toestand-van-een-systeem-met-twee-deeltjes/},
	date={2020-08-15}
%zoek eens uit wat dit voor site is. Een goede uitleg over lokaal niet-lokaal in het nederlands
}
@article{nature,
title = {Quantum computing pioneer warns of complacency over Internet security},
url = {https://media.nature.com/original/magazine-assets/d41586-020-03068-9/d41586-020-03068-9.pdf}
%interview Peter shor Quantum computing pioneer warns of complacency over Internet security
}
@article{PhysRevLett.49.1804,
  title = {Experimental Test of Bell's Inequalities Using Time-Varying Analyzers},
  author = {Aspect, Alain and Dalibard, Jean and Roger, G\'erard},
  journal = {Phys. Rev. Lett.},
  volume = {49},
  issue = {25},
  pages = {1804--1807},
  numpages = {0},
  year = {1982},
  month = {Dec},
  publisher = {American Physical Society},
  doi = {10.1103/PhysRevLett.49.1804},
  url = {https://link.aps.org/doi/10.1103/PhysRevLett.49.1804}
}
@online{Neumann1945,
  author = {John von Neumann},
  url = {https://nl.wikipedia.org/wiki/Von_Neumann-architectuur},
  year = {2021}
%has a refrence to the paper: First Draft of a Report on the EDVAC, 1945, 
}

@online{Hill1915,
  author = {W. E. Hill},
  title = {My wife and my moterh-in-law},
  year= {1915},
  url = {https://commons.wikimedia.org/wiki/File:My_Wife_and_My_Mother-In-Law_(Hill).png}
%, Public domain, via Wikimedia Commons
}